@article{turing1936a,
  added-at = {2006-07-25T17:37:49.000+0200},
  annote = {Turing's famous demonstration of the formal limits on computation based on a proof that the {\em halting problem} is undecidable.},
  author = {Turing, Alan M.},
  biburl = {https://www.bibsonomy.org/bibtex/2b51d7b5c67fb98e0117bc176ee5fd5cf/jaeschke},
  interhash = {8ac1f5e961ff74849ab6f0c7348b9c9c},
  intrahash = {b51d7b5c67fb98e0117bc176ee5fd5cf},
  journal = {Proceedings of the London Mathematical Society},
  keywords = {numbers halting problem turing computable},
  number = 42,
  pages = {230--265},
  timestamp = {2014-07-28T15:57:31.000+0200},
  title = {On Computable Numbers, with an Application to the {E}ntscheidungsproblem},
  url = {http://www.cs.helsinki.fi/u/gionis/cc05/OnComputableNumbers.pdf},
  volume = 2,
  year = 1936
}

@book{Vidyasagar,
  author          = {Vidyasagar, M},
  title           = {Hidden Markov Processes: Theory and Applications to Biology},
  year            = {2014},
  publisher       = {Princeton University Press},
  note            = {Disponible en: \url{https://ebookcentral.proquest.com/lib/ugr/detail.action?docID=1680802}},
}

@article{Rabiner,
  author={Lawrence R. Rabiner},
  journal={Proceedings of the IEEE}, 
  title={A tutorial on hidden Markov models and selected applications in speech recognition}, 
  year={1989},
  volume={77},
  number={2},
  pages={257-286},
  doi={10.1109/5.18626}
}


@book{Barbosa,
  author          = {Barbosa Correa, R},
  title           = {Procesos estocásticos con aplicaciones},
  year            = {2016},
  pages           = {17-72},
  publisher      = {Universidad del Norte},         
  note            = {Disponible en: \url{https://elibro.net/es/lc/ugr/titulos/70066}},
}

@book{Finanzas,
  author          = {Núñez Velázquez, J. J},
  title           = {Análisis dinámico mediante procesos estocásticos para actuarios y finanzas},
  year            = {2011},
  pages           = {81-126},
}

@book{Matrices_positivas,
  author         = {Domínguez García, J. L and García Planas, M. I},
  editor         = {Universitat Politècnica de Catalunya},
  publisher      = {},
  title          = {Introducción a la teoría de matrices positivas: aplicaciones},
  year           = {2015},
  pages          = {75-112},
  publisher      = {Universitat Politècnica de Catalunya},
  note            = {Disponible en: \url{https://elibro.net/es/lc/ugr/titulos/52187}},
}


@misc{Klappenecker,
  author          = {Andreas Klappenecker},
  title           = {Apuntes de CSCE-658 Randomized Algorithms},
  year            = {2019},
  howpublished    = {\url{https://people.engr.tamu.edu/andreas-klappenecker/csce658-s19/markov_chains.pdf}},
  note            = {Accedido el 10-01-2023},
}

@book{Ibarrola_1991,
  author         = {Vélez Ibarrola, Ricardo },
  publisher      = {Universidad Nacional de Educación a Distancia},
  title          = {Procesos estocásticos},
  edition        = {2},
  year           = {1991},
  isbn           = {9788436223330},
}


@misc{Sevilla_2019,
  author          = {Ruiz Reina, José Luis and Martín Mateos, Francisco J. and Graciani Díaz, Carmen},
  title           = {Apuntes de Modelos ocultos de Markov de Ampliación de Inteligencia Artificial},
  year            = {2019},
  howpublished    = {\url{https://www.cs.us.es/cursos/aia-2019/temas/tema-Markov.pdf}},
  note            = {Accedido el 10-01-2023},

}

@book{Salinelli,
  author         = {Ernesto Salinelli and Franco Tomarelli},
  publisher      = {Springer Cham},
  title          = {Discrete Dynamical Models},
  year           = {2013},
  isbn           = {978-3319022901},
}


@misc{JavierP,
  author          = {Pérez Lázaro, Javier},
  title           = {Cadenas de Markov (en tiempo discreto, con estados discretos)},
  howpublished    = {\url{https://www.unirioja.es/cu/franpere/ModyOptfiles/Tema6.pdf}},
  note            = {Accedido el 04-01-2023},
}

@misc{JuanM,
  author          = {Marin Diazaraque, Juan Miguel},
  title           = {Cadenas de Markov},
  howpublished    = {\url{https://halweb.uc3m.es/esp/Personal/personas/jmmarin/esp/PEst/tema4pe.pdf}},
  note            = {Accedido el 02-01-2023},
}

@inbook{Russell,
  author         = {Stuart Russell and Perter Norvig},
  publisher      = {Presentice Hall},
  title          = {Artificial Intelligence A Modern Approach},
  year           = {2010},
  edition        = {3},
}

@inbook{Stamp,
  author         = {Mark Stamp},
  chapter        = {2},
  publisher      = {Chapman & Hall/CRC Press},
  title          = {Introduction to Machine Learning with Applications in Information Security},
  year           = {2017}
}