@article{turing1936a,
  added-at = {2006-07-25T17:37:49.000+0200},
  annote = {Turing's famous demonstration of the formal limits on computation based on a proof that the {\em halting problem} is undecidable.},
  author = {Turing, Alan M.},
  biburl = {https://www.bibsonomy.org/bibtex/2b51d7b5c67fb98e0117bc176ee5fd5cf/jaeschke},
  interhash = {8ac1f5e961ff74849ab6f0c7348b9c9c},
  intrahash = {b51d7b5c67fb98e0117bc176ee5fd5cf},
  journal = {Proceedings of the London Mathematical Society},
  keywords = {numbers halting problem turing computable},
  number = 42,
  pages = {230--265},
  timestamp = {2014-07-28T15:57:31.000+0200},
  title = {On Computable Numbers, with an Application to the {E}ntscheidungsproblem},
  url = {http://www.cs.helsinki.fi/u/gionis/cc05/OnComputableNumbers.pdf},
  volume = 2,
  year = 1936
}


@book{Vidyasagar,
  author          = {Vidyasagar, M},
  title           = {Hidden Markov Processes: Theory and Applications to Biology},
  year            = {2011}
}

@article{Rabiner,
  author          = {Lawrence R. Rabiner},
  title           = {A Tutorial on Hidden Markov Models and Selected Applications in Speech Recognition},
  volume          = 2,
  year            = {1989}
}


@book{Barbosa,
  author          = {Barbosa Correa, R},
  title           = {Procesos estocásticos con aplicaciones},
  year            = {2016},
  pages           = {17-72},
}

@book{Finanzas,
  author          = {Núñez Velázquez, J. J},
  title           = {Análisis dinámico mediante procesos estocásticos para actuarios y finanzas},
  year            = {2011},
  pages           = {81-126},
}


@article{Klappenecker,
  author          = {Andreas Klappenecker},
  journal         = {},
  number          = {},
  title           = {Apuntes de CSCE-658 Randomized Algorithms},
  volume          = {},
  year            = {2019},
  url             = {https://people.engr.tamu.edu/andreas-klappenecker/csce658-s19/markov_chains.pdf},
  note            = {Accedido el 10-01-2023},
}

@book{Ibarrola_1991,
  author         = {Ricardo Vélez Ibarrola},
  editor         = {UNED; 2nd edición},
  publisher      = {},
  title          = {Procesos estocásticos},
  year           = {1991},
  isbn           = {9788436223330},
}

@article{Sevilla_2019,
  author          = {José Luis Ruiz Reina and Francisco J. Martín Mateos and Carmen Graciani Díaz },
  journal         = {Universidad de Sevilla},
  number          = {},
  title           = {Apuntes de Modelos ocultos de Markov de Ampliación de Inteligencia Artificial},
  volume          = {},
  year            = {2019},
  url             = {https://www.cs.us.es/cursos/aia-2019/temas/tema-Markov.pdf},
  note            = {Accedido el 10-01-2023},

}

@book{Salinelli,
  author         = {Ernesto Salinelli and Franco Tomarelli},
  editor         = {Springer},
  publisher      = {Springer},
  title          = {Discrete Dynamical Models},
  year           = {2013},
  isbn           = {978-3319022901},
}

@article{JavierP,
  author          = {Javier Pérez Lázaro},
  journal         = {Universidad de La Rioja},
  number          = {},
  title           = {Cadenas de Markov (en tiempo discreto, con estados discretos)},
  volume          = {},
  year            = {},
  url             = {https://www.unirioja.es/cu/franpere/ModyOptfiles/Tema6.pdf},
  note            = {Accedido el 04-01-2023},
}

@article{JuanM,
  author          = {Juan Miguel Marin Diazaraque},
  journal         = {Universidad Carlos III de Madrid},
  number          = {},
  title           = {Cadenas de Markov},
  volume          = {},
  year            = {},
  url             = {https://halweb.uc3m.es/esp/Personal/personas/jmmarin/esp/PEst/tema4pe.pdf},
  note            = {Accedido el 02-01-2023},
}